<?xml version="1.0" encoding="UTF-8"?><collection xmlns="http://www.loc.gov/MARC21/slim"><record><leader>00375nam--2200145-i-4500</leader><controlfield tag="001">000019095</controlfield><controlfield tag="002">20161230</controlfield><controlfield tag="005">20161230201033</controlfield><controlfield tag="008">060222s1000------------r-----000-0-eng-d</controlfield><datafield ind1=" " ind2=" " tag="080"><subfield code="a">65.014</subfield></datafield><datafield ind1=" " ind2=" " tag="100"><subfield code="a">Dudley, Norman A</subfield></datafield><datafield ind1=" " ind2=" " tag="245"><subfield code="a">Work measurement : some research studies</subfield></datafield><datafield ind1=" " ind2=" " tag="260"><subfield code="a">London, Macmillan, 1968. Vii + 139 P</subfield></datafield><datafield ind1=" " ind2=" " tag="490"><subfield code="a">Studies In Management</subfield></datafield><datafield ind1=" " ind2=" " tag="852"><subfield code="a">29712</subfield></datafield></record></collection>